<record><leader>00000cas a2200000 a 4500</leader><controlfield tag="001">423397317</controlfield><controlfield tag="008">090709d1984198ucauwr ne      0    0eng c</controlfield><datafield ind1=" " ind2=" " tag="010"><subfield code="a">sn2009271010</subfield></datafield><datafield ind1=" " ind2=" " tag="040"><subfield code="a">CNK</subfield><subfield code="b">eng</subfield><subfield code="c">CNK</subfield><subfield code="d">CNK</subfield><subfield code="d">OCLCQ</subfield><subfield code="d">OCLCF</subfield><subfield code="d">OCLCO</subfield></datafield><datafield ind1=" " ind2=" " tag="042"><subfield code="a">pcc</subfield></datafield><datafield ind1=" " ind2=" " tag="043"><subfield code="a">n-us-ca</subfield></datafield><datafield ind1="0" ind2="4" tag="245"><subfield code="a">The Fresno bee this week.</subfield></datafield><datafield ind1="1" ind2="7" tag="246"><subfield code="a">This week</subfield></datafield><datafield ind1=" " ind2=" " tag="260"><subfield code="a">Fresno, Calif. :</subfield><subfield code="b">McClatchy Newspapers</subfield></datafield><datafield ind1=" " ind2=" " tag="300"><subfield code="a">v.</subfield></datafield><datafield ind1=" " ind2=" " tag="310"><subfield code="a">Weekly</subfield></datafield><datafield ind1="0" ind2=" " tag="362"><subfield code="a">Feb. 1, 1984-</subfield></datafield><datafield ind1=" " ind2=" " tag="500"><subfield code="a">"The Fresno Bee" appears in smaller print above "This Week" on masthead.</subfield></datafield><datafield ind1=" " ind2=" " tag="500"><subfield code="a">Published in 7 regional editions, labeled 1, 2, 3, A, B, C, and D in dateline; content is identical, except for advertisements.</subfield></datafield><datafield ind1=" " ind2=" " tag="515"><subfield code="a">Issues lack vol. and numbering designation.</subfield></datafield><datafield ind1=" " ind2=" " tag="530"><subfield code="a">Master negatives are available for duplication from:</subfield><subfield code="b">California Newspaper Microfilm Archive;</subfield><subfield code="c">positive copies may be purchased by the reel; for further information consult the CNMA at:</subfield><subfield code="u">http://cbsr.ucr.edu</subfield></datafield><datafield ind1=" " ind2="0" tag="651"><subfield code="a">Fresno (Calif.)</subfield><subfield code="v">Newspapers.</subfield></datafield><datafield ind1=" " ind2="0" tag="651"><subfield code="a">Visalia (Calif.)</subfield><subfield code="v">Newspapers.</subfield></datafield><datafield ind1=" " ind2="0" tag="651"><subfield code="a">Fresno County (Calif.)</subfield><subfield code="v">Newspapers.</subfield></datafield><datafield ind1=" " ind2="0" tag="651"><subfield code="a">Tulare County (Calif.)</subfield><subfield code="v">Newspapers.</subfield></datafield><datafield ind1=" " ind2="0" tag="651"><subfield code="a">Kings County (Calif.)</subfield><subfield code="v">Newspapers.</subfield></datafield><datafield ind1=" " ind2="7" tag="655"><subfield code="a">Newspapers.</subfield><subfield code="2">fast</subfield><subfield code="0">(OCoLC)fst01423814</subfield></datafield><datafield ind1=" " ind2="7" tag="651"><subfield code="a">California</subfield><subfield code="z">Fresno.</subfield><subfield code="2">fast</subfield><subfield code="0">(OCoLC)fst01207374</subfield></datafield><datafield ind1=" " ind2="7" tag="651"><subfield code="a">California</subfield><subfield code="z">Fresno County.</subfield><subfield code="2">fast</subfield><subfield code="0">(OCoLC)fst01214324</subfield></datafield><datafield ind1=" " ind2="7" tag="651"><subfield code="a">California</subfield><subfield code="z">Kings County.</subfield><subfield code="2">fast</subfield><subfield code="0">(OCoLC)fst01214571</subfield></datafield><datafield ind1=" " ind2="7" tag="651"><subfield code="a">California</subfield><subfield code="z">Tulare County.</subfield><subfield code="2">fast</subfield><subfield code="0">(OCoLC)fst01213978</subfield></datafield><datafield ind1=" " ind2="7" tag="651"><subfield code="a">California</subfield><subfield code="z">Visalia.</subfield><subfield code="2">fast</subfield><subfield code="0">(OCoLC)fst01213976</subfield></datafield><datafield ind1=" " ind2=" " tag="752"><subfield code="a">United States</subfield><subfield code="b">California</subfield><subfield code="c">Fresno</subfield><subfield code="d">Fresno.</subfield></datafield><datafield ind1="0" ind2="4" tag="780"><subfield code="t">This week (Visalia, Calif.)</subfield><subfield code="w">(DLC)sn2009271009</subfield></datafield></record>